@inproceedings{novak2010comparison,
  title={Comparison of software metrics tools for {.NET}},
  author={Novak, Jernej and Raki{\'c}, Gordana},
  booktitle={Proc. of 13th International Multiconference Information Society-IS, Vol A},
  pages={231--234},
  year={2010}
}
